@book{duran,
  	title={Sands, Powders, and Grains: An Introduction to the Physics of Granular Materials},
  	author={Duran, J. and Reisinger, A. and de Gennes, P.G.},
  	isbn={9781461204992},
  	series={},
  	url={https://books.google.com.mx/books?id=x9TiBwAAQBAJ},
  	year={2012},
  	publisher={Springer New York}
}

@article{vargas2001heat,
  title={Heat conduction in granular materials},
  author={Vargas, Watson L and McCarthy, JJ},
  journal={AIChE J.},
  volume={47},
  number={5},
  pages={1052--1059},
  year={2001},
  publisher={Wiley Online Library}
}
@article{lumay2008controlled,
  title={Controlled flow of smart powders},
  author={Lumay, Geoffroy and Vandewalle, Nicolas},
  journal={Phys. Rev. E.},
  volume={78},
  number={6},
  pages={061302},
  year={2008},
  publisher={APS}
}

@book{hinrichsen2006physics,
  title={The physics of granular media},
  author={Hinrichsen, Haye and Wolf, Dietrich E},
  year={2006},
  publisher={John Wiley \& Sons}
}

@article{PhysRevE.76.041301,
  title = {Thermal expansion effects and heat conduction in granular materials},
  author = {Vargas, Watson L. and McCarthy, J. J.},
  journal = {Phys. Rev. E.},
  volume = {76},
  issue = {4},
  pages = {041301},
  numpages = {8},
  year = {2007},
  month = {Oct},
  publisher = {APS},
  doi = {10.1103/PhysRevE.76.041301},
  url = {https://link.aps.org/doi/10.1103/PhysRevE.76.041301}
}

@article{batchelor1977thermal,
  title={Thermal or electrical conduction through a granular material},
  author={Batchelor, George Keith and O'Brien, RW},
  journal={Proc. R. Soc. Lond. A},
  volume={355},
  number={1682},
  pages={313--333},
  year={1977},
  publisher={The Royal Society}
}

@article{smart2008granular,
  title={Granular matter and networks: three related examples},
  author={Smart, Ashley and Ottino, Julio M},
  journal={Soft Matter},
  volume={4},
  number={11},
  pages={2125--2131},
  year={2008},
  publisher={Royal Society of Chemistry}
}

@article{herrmann2002granular,
  title={Granular matter},
  author={Herrmann, HJ},
  journal={Physica A},
  volume={313},
  number={1-2},
  pages={188--210},
  year={2002},
  publisher={Elsevier}
}

@article{rosato1987brazili,
title={Why the Brazil nuts are on top: Size segregation of particulate matter by shaking},
  author={Rosato, Anthony and Strandburg, Katherine J and Prinz, Friedrich and Swendsen, Robert H},
  journal={Phys. Rev. Lett.},
  volume={58},
  number={10},
  pages={1038},
  year={1987},
  publisher={APS}
}

@article{geng2001footprints,
  title={Footprints in sand: the response of a granular material to local perturbations},
  author={Geng, Junfei and Howell, D and Longhi, E and Behringer, RP and Reydellet, G and Vanel, L and Cl{\'e}ment, E and Luding, S},
  journal={Phys. Rev. Lett.},
  volume={87},
  number={3},
  pages={035506},
  year={2001},
  publisher={APS}
}

@article{garcimartin2015flow,
  title={Flow and clogging of a sheep herd passing through a bottleneck},
  author={Garcimart{\'\i}n, A and Pastor, JM and Ferrer, LM and Ramos, JJ and Mart{\'\i}n-G{\'o}mez, C and Zuriguel, I},
  journal={Phys. Rev. E.},
  volume={91},
  number={2},
  pages={022808},
  year={2015},
  publisher={APS}
}
@Book{vallejo2005network,
  title={A network of fractal force chains and their effect in granular materials under compression},
  author={Vallejo, Luis E and Lobo-Guerrero, Sebastian and Chik, Zamri},
  booktitle={Fractals in Engineering},
  pages={67--80},
  year={2005},
  publisher={Springer}
}

@article{pacheco,
  title={Flow of magnetic repelling grains in a two-dimensional silo},
  author={Lumay, Geoffroy and Schockmel, Julien and Hen{\'a}ndez-Enr{\'\i}quez, D and Dorbolo, St{\'e}phane and Vandewalle, Nicolas and Pacheco-Vazquez, Felipe},
  journal={Pap. Phys.},
  volume={7},
  number={2},
  pages={0--0},
  year={2015},
  publisher={SciELO Argentina}
}

@article{szalai,
  title={Chemical morphogenesis: recent experimental advances in reaction--diffusion system design and control},
  author={Szalai, Istv{\'a}n and Cui{\~n}as, Daniel and Tak{\'a}cs, N{\'a}ndor and Horv{\'a}th, Judit and De Kepper, Patrick},
  journal={Interface Focus},
  volume={2},
  number={4},
  pages={417--432},
  year={2012},
  publisher={Royal Society}
}

@article{ayass,
  title={Chemical waves in heterogeneous media},
  author={Ayass, Mahmoud M and Al-Ghoul, Mazen and Lagzi, István},
  journal={J. Phys. Chem. A},
  volume={118},
  number={50},
  pages={11678--11682},
  year={2014},
  publisher={ACS Publications}
}

@article{sagues,
  title={Nonlinear chemical dynamics},
  author={Sagu{\'e}s, Francesc and Epstein, Irving R},
  journal={Dalton transactions},
  number={7},
  pages={1201--1217},
  year={2003},
  publisher={Royal Society of Chemistry}
}

@article{turing,
  title={The chemical basis of morphogenesis},
  author={Turing, Alan Mathison},
  journal={Bulletin of mathematical biology},
  volume={52},
  number={1-2},
  pages={153--197},
  year={1990},
  publisher={Elsevier}
}

@article{rayleigh,
  title={IX. On an instrument for compounding vibrations, with application to the drawing of curves such as might represent white light},
  author={Rayleigh, Lord},
  journal={Lond. Edinb. Dubl. Phil. Mag.},
  volume={11},
  number={61},
  pages={127--130},
  year={1906},
  publisher={Taylor \& Francis}
}

@book{basic,
  title={Basic concepts in computational physics},
  author={Stickler, Benjamin A and Schachinger, Ewald},
  year={2016},
  publisher={Springer}
}

@book{serway1992fisica,
  title={F{\'\i}sica para ciencias e ingenier{\'\i}a},
  author={Serway, Raymond A and Jewett, John W and Hern{\'a}ndez, Ana Elizabeth Garc{\'\i}a and L{\'o}pez, Ernesto Filio},
  volume={},
  year={2005},
  publisher={Thomson}
}

@article{aguirre2010pressure,
  title={Pressure independence of granular flow through an aperture},
  author={Aguirre, Maria Alejandra and Grande, Juan G and Calvo, Adriana and Pugnaloni, Luis A and G{\'e}minard, J-C},
  journal={Phys. Rev. Lett.},
  volume={104},
  number={23},
  pages={238002},
  year={2010},
  publisher={APS}
}

@article{aguirre2011granular,
  title={Granular flow through an aperture: Pressure and flow rate are independent},
  author={Aguirre, Mar{\'\i}a Alejandra and Grande, Juan Gabriel and Calvo, Adriana and Pugnaloni, Luis A and G{\'e}minard, Jean-Christophe},
  journal={Phys. Rev. E.},
  volume={83},
  number={6},
  pages={061305},
  year={2011},
  publisher={APS}
}
@book{griffiths2005introduction,
  title={Introduction to electrodynamics},
  author={Griffiths, David J},
  year={1962},
  publisher={Prentice Hall New Jersey}
}

@article{beverloo1961flow,
  title={The flow of granular solids through orifices},
  author={Beverloo, W Ar and Leniger, Hendrik Antonie and Van de Velde, J},
  journal={Chem. Eng. Sci.},
  volume={15},
  number={3-4},
  pages={260--269},
  year={1961},
  publisher={Elsevier}
}

@article{solano,
  title={Flow-mediated coupling on projectiles falling within a superlight granular medium},
  author={Solano-Altamirano, JM and Caballero-Robledo, GA and Pacheco-V{\'a}zquez, F and Kamphorst, V and Ruiz-Su{\'a}rez, JC},
  journal={Phys. Rev. E.},
  volume={88},
  number={3},
  pages={032206},
  year={2013},
  publisher={APS}
}

@article{pacheco2011infinite,
  title={Infinite penetration of a projectile into a granular medium},
  author={Pacheco-V{\'a}zquez, F and Caballero-Robledo, GA and Solano-Altamirano, JM and Altshuler, E and Batista-Leyva, AJ and Ruiz-Su{\'a}rez, JC},
  journal={Phys. Rev. Lett.},
  volume={106},
  number={21},
  pages={218001},
  year={2011},
  publisher={APS}
}
@article{ciamarra2004dynamics,
  title={Dynamics of drag and force distributions for projectile impact in a granular medium},
  author={Ciamarra, Massimo Pica and Lara, Antonio H and Lee, Andrew T and Goldman, Daniel I and Vishik, Inna and Swinney, Harry L},
  journal={Phys. Rev. Lett.},
  volume={92},
  number={19},
  pages={194301},
  year={2004},
  publisher={APS}
}
@article{reynolds,
  title={LVII. On the dilatancy of media composed of rigid particles in contact. With experimental illustrations},
  author={Reynolds, Osborne},
  journal={Lond. Edinb. Dubl. Phil. Mag.},
  volume={20},
  number={127},
  pages={469--481},
  year={1885},
  publisher={Taylor \& Francis}
}

@article{coulomb,
  title={Sur une application des r{\`e}gles de maximis et minimis {\'a} quelques probl{\`e}mes relatifs {\'a} l’architecture},
  author={Coulomb, CA},
  journal={Mem. Acad. Sci.},
  year={1773}
}

@article{janssen,
  title={Versuche {\"u}ber getreidedruck in silozellen},
  author={Janssen, HA},
  journal={Zeitschr. d. Vereines deutscher Ingenieure},
  volume={39},
  number={35},
  pages={1045--1049},
  year={1895}
}
@Article{Sperl2006,
author="Sperl, Matthias",
title="Experiments on corn pressure in silo cells -- translation and comment of Janssen's paper from 1895",
journal="Granul. Matter",
year="2006",
month="May",
day="01",
volume="8",
number="2",
pages="59--65",
issn="1434-7636",
doi="10.1007/s10035-005-0224-z",
url="https://doi.org/10.1007/s10035-005-0224-z"
}

@article{granular,
  title={Granular solids, liquids, and gases},
  author={Jaeger, Heinrich M and Nagel, Sidney R and Behringer, Robert P},
  journal={Rev. Mod. Phys},
  volume={68},
  number={4},
  pages={1259},
  year={1996},
  publisher={APS}
}

@article{roberts,
  title={On the stability of loose earth},
  author={I. Roberts},
  journal={Proc. R. Soc.},
  volume={147},
  pages={9},
  year={1857},
  publisher={}
}

@article{mankoc,
  title={The flow rate of granular materials through an orifice},
  author={Mankoc, C and Janda, A and Arevalo, Roberto and Pastor, JM and Zuriguel, Iker and Garcimart{\'\i}n, A and Maza, Diego},
  journal={Granul. Matter},
  volume={9},
  number={6},
  pages={407--414},
  year={2007},
  publisher={Springer}
}

@article{rankine,
  title={On the stability of loose earth},
  author={Rankine, WJ Macquorn},
  journal={Phil. Trans.},
  volume={147},
  pages={9--27},
  year={1857},
  publisher={The Royal Society}
}

@article{chladni,
  title={Chladni’s law for vibrating plates},
  author={Rossing, Thomas D},
  journal={	Am. J. Phys.},
  volume={50},
  number={3},
  pages={271--274},
  year={1982},
  publisher={AAPT}
}

@article{faraday,
  title={On a peculiar class of acoustical figures; and on certain forms assumed by groups of particles upon vibrating elastic surfaces},
  author={Faraday, Michael},
  journal={Phil. Trans.},
  volume={121},
  pages={299--340},
  year={1831},
  publisher={The Royal Society}
}

@InBook{levin,
  author =	 {Ira N. Levin},
  title = 	 {Química Cuántica},
  edition=	 {Fifth}, 
  publisher = 	 {Pearson Educación S. A.},
  year = 	 2001,
}


@InBook{mcq,
  author =	 {Donald A. McQuarrie},
  title = 	 {Quantum Chemistry },
  publisher = 	 {},
  year = 	 1983,
}

@InBook{funcion,
  author =	 {Frank Jensen},
  title = 	 {Introduction to Computational Chemistry},
  edition=	 {Second},
  publisher = 	 {John Wiley Sons Ltd},
  year = 	 2007,
}

@InBook{tev,
  author =	 {J. N. Murrell},
  title = 	 {The Chemical Bond},
  edition=	 {Second},
  publisher = 	 {Wiley and Sons},
  year = 	 1985,
}

@InBook{matemathica,
  author =	 {Wolfram Research, Inc.},
  title = 	 {Mathematica},
  edition=	 {Version 10.0}, 
  publisher = 	 {Wolfram Research, Inc.}},
  year = 	 2014,
}

@article{qiu2017simulation,
  title={DEM simulation of particle flow in a parallel-hopper bell-less charging apparatus for blast furnace},
  author={Qiu, Jiayong and Ju, Dianchun and Zhang, Jianliang and Xu, Yusong},
  journal={Powder Technol.},
  volume={314},
  pages={218--231},
  year={2017},
  publisher={Elsevier}
}

@article{wojcik2012confined,
  title={Confined granular flow in silos with inserts—full-scale experiments},
  author={W{\'o}jcik, M and Tejchman, J and Enstad, Gisle G},
  journal={Powder Technol.},
  volume={222},
  pages={15--36},
  year={2012},
  publisher={Elsevier}
}
@article{wang2016flow,
  title={Flow pattern and normal pressure distribution in flat bottom silo discharged using wall outlet},
  author={Wang, Peijun and Zhu, Li and Zhu, Xulin},
  journal={Powder Technol.},
  volume={295},
  pages={104--114},
  year={2016},
  publisher={Elsevier}
}
@article{balevivcius2011analysis,
  title={Analysis and DEM simulation of granular material flow patterns in hopper models of different shapes},
  author={Balevi{\v{c}}ius, Robertas and Ka{\v{c}}ianauskas, Rimantas and Mroz, Zenon and Sielamowicz, Irena},
  journal={Adv. Powder Technol.},
  volume={22},
  number={2},
  pages={226--235},
  year={2011},
  publisher={Elsevier}
}
@article{jakobsen2008chemical,
  title={Chemical reactor modeling},
  author={Jakobsen, Hugo A},
  journal={Multiphase Reactive Flows, Berlin, Germany: Springer-Verlag},
  year={2008},
  publisher={Springer}
}

@article{gonzalez2012three,
  title={Three dimensional discrete element models for simulating the filling and emptying of silos: analysis of numerical results},
  author={Gonz{\'a}lez-Montellano, C and Gallego, Eutiquio and Ram{\'\i}rez-G{\'o}mez, {\'A} and Ayuga, Francisco},
  journal={Comput. Chem. Eng.},
  volume={40},
  pages={22--32},
  year={2012},
  publisher={Elsevier}
}

@article{falcon2005electrical,
  title={Electrical properties of granular matter: From “Branly effect” to intermittency},
  author={Falcon, E and Castaing, B},
  journal={Powders and Grains},
  pages={323--327},
  year={2005}
}

@article{huetter2008determination,
  title={Determination of the effective thermal conductivity of granular materials under varying pressure conditions},
  author={Huetter, ES and Koemle, NI and Kargl, G and Kaufmann, E},
  journal={J. Geophys. Res. Planets},
  volume={113},
  number={E12},
  year={2008},
  publisher={Wiley Online Library}
}

@article{hankey1991flow,
  title={The flow of granular material},
  author={Hankey, WL and Thomas, SK},
  journal={Comput. Fluids},
  volume={20},
  number={3},
  pages={333--342},
  year={1991},
  publisher={Elsevier}
}
@article{hutter1994flows,
  title={On flows of granular materials},
  author={Hutter, K and Rajagopal, KR},
  journal={Continuum Mech. Therm.},
  volume={6},
  number={2},
  pages={81--139},
  year={1994},
  publisher={Springer}
}
@article{mankoc2007flow,
  title={The flow rate of granular materials through an orifice},
  author={Mankoc, C and Janda, A and Arevalo, Roberto and Pastor, JM and Zuriguel, Iker and Garcimart{\'\i}n, A and Maza, Diego},
  journal={Granul. Matter},
  volume={9},
  number={6},
  pages={407--414},
  year={2007},
  publisher={Springer}
}
@article{tanaka1988flow,
  title={Flow dynamics of granular materials in a hopper},
  author={TANAKA, Tsutomu and KAJIWARA, Yoshimasa and INADA, Takanobu},
  journal={Tetsu-to-Hagan{\'e}},
  volume={74},
  number={12},
  pages={2262--2269},
  year={1988},
  publisher={The Iron and Steel Institute of Japan}
}

@article{vzivkovic2011structural,
  title={Structural characterization of two-dimensional granular systems during the compaction},
  author={{\v{Z}}ivkovi{\'c}, S and Jak{\v{s}}i{\'c}, ZM and Arsenovi{\'c}, D and Budinski-Petkovi{\'c}, Lj and Vrhovac, SB},
  journal={Granul. Matter},
  volume={13},
  number={4},
  pages={493},
  year={2011},
  publisher={Springer}
}

@article{zhao2006three,
  title={Three-dimensional discrete element simulation for granular materials},
  author={Zhao, Dawei and Nezami, Erfan G and Hashash, Youssef MA and Ghaboussi, Jamshid},
  journal={Eng. Computation},
  volume={23},
  number={7},
  pages={749--770},
  year={2006},
  publisher={Emerald Group Publishing Limited}
}


@article{darias2014materiales,
  title={LOS MATERIALES GRANULARES: UNA MIRADA AL INTERIOR DEL PIMENTERO},
  author={Darias, JR},
  journal={Acta Cient. Venez.},
  volume={65},
  number={1},
  pages={62--72},
  year={2014}
}

@article{bertrand2005based,
  title={DEM-based models for the mixing of granular materials},
  author={Bertrand, F and Leclaire, L-A and Levecque, G},
  journal={Chem. Eng. Sci.},
  volume={60},
  number={8-9},
  pages={2517--2531},
  year={2005},
  publisher={Elsevier}
}
@book{qiu2016simulation,
  title={DEM Simulation of Particle Flow in a Parallel-Hopper Bell-Less Blast Furnace Charging Model},
  author={Qiu, Jiayong and Xu, Yusong and Zhang, Jianliang and Ju, Dianchun},
  booktitle={International Conference on Discrete Element Methods},
  pages={659--669},
  year={2016},
  organization={Springer}
}

@article{mueth1998force,
  title={Force distribution in a granular medium},
  author={Mueth, Daniel M and Jaeger, Heinrich M and Nagel, Sidney R},
  journal={Phys. Rev. E.},
  volume={57},
  number={3},
  pages={3164},
  year={1998},
  publisher={APS}
}

@book{nutaro2011building,
  title={Building software for simulation: theory and algorithms, with applications in C++},
  author={Nutaro, James J},
  year={2011},
  publisher={John Wiley \& Sons}
}

@article{chien1991granular,
  title={Granular magnetic solids},
  author={Chien, CL},
  journal={J. Appl. Phys.},
  volume={69},
  number={8},
  pages={5267--5272},
  year={1991},
  publisher={AIP}
}

@article{choi2005velocity,
  title={Velocity profile of granular flows inside silos and hoppers},
  author={Choi, Jaehyuk and Kudrolli, Arshad and Bazant, Martin Z},
  journal={J. Phys. Condens. Matter},
  volume={17},
  number={24},
  pages={S2533},
  year={2005},
  publisher={IOP Publishing}
}

@article{darve2000instabilities,
  title={Instabilities in granular materials and application to landslides},
  author={Darve, F and Laouafa, F},
  journal={Mech. Cohes-Frict. Mat},
  volume={5},
  number={8},
  pages={627--652},
  year={2000},
  publisher={Wiley Online Library}
}

@article{jakvsic2008upward,
  title={Upward penetration of grains through a granular medium},
  author={Jak{\v{s}}i{\'c}, ZM and Vrhovac, SB and Pani{\'c}, BM and Nikoli{\'c}, Z and Jelenkovi{\'c}, BM},
  journal={Eur. Phys. J. E},
  volume={27},
  number={4},
  pages={345--356},
  year={2008},
  publisher={Springer}
}

@article{pokharel2017experimental,
  title={Experimental evaluation of geocell-reinforced bases under repeated loading},
  author={Pokharel, Sanat K and Han, Jie and Leshchinsky, Dov and Parsons, Robert L},
  journal={Int. J. Pavement Res. and Technol.},
  year={2017},
  publisher={Elsevier}
}

@article{sun2017framework,
  title={Framework for Determining Material Genome of Granular Materials: Material Characterization and Numerical Simulation at Multiple Spatial Scales},
  author={Sun, Wenjuan and Xue, Wenjing and Zhang, Yinning and Wang, Linbing},
  journal={Int. J. Pavement Res. and Technol.},
  year={2017},
  publisher={Elsevier}
}

@book{kleman2007soft,
  title={Soft matter physics: an introduction},
  author={Kleman, Maurice and Laverntovich, Oleg D},
  year={2007},
  publisher={Springer Science \& Business Media}
}

@article{majmudar2005contact,
  title={Contact force measurements and stress-induced anisotropy in granular materials},
  author={Majmudar, Trushant S and Behringer, Robert P},
  journal={Nature},
  volume={435},
  number={7045},
  pages={1079},
  year={2005},
  publisher={Nature Publishing Group}
}

@article{makse2000packing,
  title={Packing of compressible granular materials},
  author={Makse, Hern{\'a}n A and Johnson, David L and Schwartz, Lawrence M},
  journal={Phys. Rev. Lett.},
  volume={84},
  number={18},
  pages={4160},
  year={2000},
  publisher={APS}
}

@article{allen2004introduction,
  title={Introduction to molecular dynamics simulation},
  author={Allen, Michael P and others},
  journal={Computational soft matter: from synthetic polymers to proteins},
  volume={23},
  pages={1--28},
  year={2004},
  publisher={NIC Series}
}

@article{janda2012flow,
  title={Flow rate of particles through apertures obtained from self-similar density and velocity profiles},
  author={Janda, Alvaro and Zuriguel, Iker and Maza, Diego},
  journal={Phys. Rev. Lett.},
  volume={108},
  number={24},
  pages={248001},
  year={2012},
  publisher={APS}
}

@article{sakaguchi1993plugging,
  title={Plugging of the flow of granular materials during the discharge from a silo},
  author={Sakaguchi, Hide and Ozaki, Eiji and Igarashi, Tohru},
  journal={Int. J. Mod. Phys. B},
  volume={7},
  number={09n10},
  pages={1949--1963},
  year={1993},
  publisher={World Scientific}
}

@article{to2001jamming,
  title={Jamming of granular flow in a two-dimensional hopper},
  author={To, Kiwing and Lai, Pik-Yin and Pak, HK},
  journal={Physical review letters},
  volume={86},
  number={1},
  pages={71},
  year={2001},
  publisher={APS}
}

@article{zuriguel2005jamming,
  title={Jamming during the discharge of granular matter from a silo},
  author={Zuriguel, Iker and Garcimart{\'\i}n, Angel and Maza, Diego and Pugnaloni, Luis A and Pastor, JM},
  journal={Phys. Rev. E.},
  volume={71},
  number={5},
  pages={051303},
  year={2005},
  publisher={APS}
}

@article{ottino2000mixing,
  title={Mixing and segregation of granular materials},
  author={Ottino, JM and Khakhar, DV},
  journal={Annu. Rev. Fluid Mech.},
  volume={32},
  number={1},
  pages={55--91},
  year={2000},
  publisher={Annual Reviews 4139 El Camino Way, PO Box 10139, Palo Alto, CA 94303-0139, USA}
}

@article{ruiz2013penetration,
  title={Penetration of projectiles into granular targets},
  author={Ruiz-Su{\'a}rez, JC},
  journal={Rep. Prog. Phys.},
  volume={76},
  number={6},
  pages={066601},
  year={2013},
  publisher={IOP Publishing}
}
@article{fotoelastico,
  title={Material fotoelastico para estudio de elementos reforzado con acero},
  author={Glez, Jose H Castorena and Almeraya, Facundo and Almaral, Jorge L and Calder{\'o}n, Joel A and Terrazas, Ad{\'a}n Borunda},
  journal={Scientia et technica},
  volume={1},
  number={36},
  year={2007}
}

@article{arsenovic2006simulation,
  title={Simulation study of granular compaction dynamics under vertical tapping},
  author={Arsenovi{\'c}, D and Vrhovac, SB and Jak{\v{s}}i{\'c}, ZM and Budinski-Petkovi{\'c}, Lj and Beli{\'c}, A},
  journal={Phys. Rev. E.},
  volume={74},
  number={6},
  pages={061302},
  year={2006},
  publisher={APS}
}

@Misc{g09,
  note=
"Gaussian 09, Revision B.01, M. J. Frisch, G. W. Trucks, H. B. Schlegel, G. E. Scuseria, M. A. Robb, J. R. Cheeseman, G. Scalmani, V. Barone, B. Mennucci, G. A. Petersson, H. Nakatsuji, M. Caricato, X. Li, H. P. Hratchian, A. F. Izmaylov, J. Bloino, G. Zheng, J. L. Sonnenberg, M. Hada, M. Ehara, K. Toyota, R. Fukuda, J. Hasegawa, M. Ishida, T. Nakajima, Y. Honda, O. Kitao, H. Nakai, T. Vreven, Montgomery, {Jr.}, J. A., J. E. Peralta, F. Ogliaro, M. Bearpark, J. J. Heyd, E. Brothers, K. N. Kudin, V. N. Staroverov, R. Kobayashi, J. Normand, K. Raghavachari, A. Rendell, J. C. Burant, S. S. Iyengar, J. Tomasi, M. Cossi, N. Rega, J. M. Millam, M. Klene, J. E. Knox, J. B. Cross, V. Bakken, C. Adamo, J. Jaramillo, R. Gomperts, R. E. Stratmann, O. Yazyev, A. J. Austin, R. Cammi, C. Pomelli, J. W. Ochterski, R. L. Martin, K. Morokuma, V. G. Zakrzewski, G. A. Voth, P. Salvador, J. J. Dannenberg, S. Dapprich, A. D. Daniels, Ö Farkas, J. B. Foresman, J. V. Ortiz, J. Cioslowski  and D. J. Fox, Gaussian Inc. Wallingford CT 2010."}
