@String{ aqc = "Adv. Quantum. Chem." }

@String{ cg = "Computer Graphics" }

@String{ cp = "Chem. Phys." }

@String{ cpc = "Comput. Phys. Commun" }

@String{ cpl = "Chem. Phys. Lett." }

@String{ cr = "Chem. Rev." }

@String{ csr = "Chem. Soc. Rev." }

@String{ ijqc = "Int. J. Quantum Chem." }

@String{ jac = "J. Appl. Cryst." }

@String{ jacs = "J. Am. Chem. Soc." }

@String{ jcp = "J. Chem. Phys." }

@String{ joml = "J. Mol. Liq." }

@String{ jcsft = "J. Chem. Soc., Faraday Trans." }

@String{ jcc = "J. Comp. Chem." }

@String{ jcop = "J. Comp. Phys." }

@String{ jmc = "J. Math. Chem." }

@String{ jmb = "J. Mol. Biol." }

@String{ jnp = "J. Nat. Prod." }

@String{ joc = "J. Org. Chem." }

@String{ jpc = "J. Phys. Chem." }

@String{ jpca = "J. Phys. Chem. A" }

@String{ jpcb = "J. Phys. Chem. B" }

@String{ jcs = "J. Chem. Sci" }

@String{ ol = "Org. Lett." }

@String{pla="Phys. Lett. A"}

@String{ pr = "Phys. Rev." }

@String{ pra = "Phys. Rev. A." }

@String{ pre = "Phys. Rev. E." }

@String{ prl = "Phys. Rev. Lett." }

@String{ prsa = "Proc. Roy. Soc. A" }

@String{ rmp = "Rev. Mod. Phys." }

@String{ s = "Science" }

@String{ tca = "Theor. Chem. Acc." }

@String{ tfs = "Trans. Farady. Soc." }

@String{ theo = "J. Mol. Struct. (THEOCHEM)" }

@String{ zpc = {Zeitschrift f{\"u}r Physikalische Chemie} }

@String{ cjc = "Can. J. Chem." }

@String{ tc = "Theochem" }

@String{ acr = "Acc. Chem. Res." }

@String{ xxx = " " }

@online{bib:xyzformat,
  author = {},
  title = {The \texttt{xzy} format: http://openbabel.org/wiki/XYZ\_\%28format\%29},
  url = {\url{http://openbabel.org/wiki/XYZ_%28format%29}},
}

@InBook{cplusplus2005,
  title={Jumping into C++},
  author={Allain, Alex},
  year={2013},
  publisher={Cprogramming.com},
  pages="262--266",
  isbn="0988927802",
}

@InBook{Deitel2014,
  title={C++ How to program},
  author={Deitel, Paul y Harvey Deitel},
  year={2014},
  publisher={Pearson Education, Inc.},
  pages="37--423",
  isbn="9780133378719",
}

@InBook{Pitt2017,
  title={Guide to scientific computing in C++},
  author={Joe Pitt-Francis, Jonathan Whiteley},
  year={2017},
  publisher={Springer},
  pages="2--117",
  isbn="978-1-4471-2735-2",
}

@InBook{Cuevas2003,
 title={Introducción a la química computacional},
 author={G. Cuevas, F. Cortés},
 isbn={968-167105-8},
 year={2003},
 publisher={Fondo de Cultura Económica},
 pages={11--26},
}

@InBook{Lewars2016,
 title={Computational Chemistry: Introduction to the Theory and Applications of Molecular and Quantum Mechanics},
 author={Errol G. Lewars},
 isbn={978-3-319-30914-9},
 year={2016},
 publisher={Springer Netherlands},
 pages={332--343},
}

@InBook{McQuarrie1976,
title={Statistical Mechanics},
author={McQuarrie},
isbn={06-044366-9},
year={1976},
publisher={Harper and Row},
pages={81--138},
}

@InBook{Guerasimov1971,
title={Curso de Fisicoquímica},
author={Ya Guerasimov.},
isbn={},
year={1971},
publisher={Mir Moscú},
pages={62--68},
}

@InBook{Atkins2014,
title={Atkins' Physical Chemistry},
author={Peter William Atkins, Julio de Paula},
isbn={7040528207},
year={2014},
publisher={Oxford University Press},
pages={65--66},
}

@InBook{Chang2008,
title={Fisicoquímica para las ciencias químicas y biológicas},
author={Raymong Chang},
isbn={0-891389-06-8},
year={2008},
publisher={McGraw-Hill Interamericana},
pages={75--104},
}

@InBook{Garritz2005,
title={Química universitaria},
author={Garritz Ruiz, Andoni; Gasque Silva, Laura y Martínez Vázquez},
isbn={970-26-0292-0},
year={2005},
publisher={Pearson Educación de México},
pages={305--332},
}

@InBook{Brown2014,
title={Química, la ciencia central},
author={Brown, Theodore L.},
isbn={978-607-32-2237-2},
year={2014},
publisher={Pearson Educación de México},
pages={158--183},
}

@article{Nicolaides1996,
author = {Nicolaides, Athanassios and Rauk, Arvi and Glukhovtsev, Mikhail N. and Radom, Leo},
title = {Heats of Formation from G2, G2(MP2), and G2(MP2,SVP) Total Energies},
journal = {J. Chem. Phys.},
volume = {100},
number = {44},
pages = {17460-17464},
year = {1996},
doi = {10.1021/jp9613753},

URL = {
        https://doi.org/10.1021/jp9613753
},
eprint = {
        https://doi.org/10.1021/jp9613753
}
}

@book{NIST1998,
  author = {M.W. Chase},
  title = {NIST-JANAF Thermochemical Tables, 4th Edition},
  year = {1998},
  month = {1998-08-01},
  publisher = {Amer. Inst. Phys.},
  language = {en},
}

@article{Tajti2004,
author = {Tajti,Attila  and Szalay,Péter G.  and Császár,Attila G.  and Kállay,Mihály  and Gauss,Jürgen  and Valeev,Edward F.  and Flowers,Bradley A.  and Vázquez,Juana  and Stanton,John F. },
title = {HEAT: High accuracy extrapolated ab initio thermochemistry},
journal = {J. Chem. Phys.},
volume = {121},
number = {23},
pages = {11599-11613},
year = {2004},
doi = {10.1063/1.1811608},

URL = { 
        https://doi.org/10.1063/1.1811608
    
},
eprint = { 
        https://doi.org/10.1063/1.1811608
    
}

}

@article{Ximello2020,
author = {Ximello, Arturo and Ramos, Fernando and Rojas, Aarón and Hern\'{a}ndez-Pérez, Julio M. and Camarillo, E. Adriana and Solano-Altamirano, J. M. and Sandoval-Lira, Jacinto and Flores, Henoc},
title = {Experimental and Theoretical Thermochemical Study of Nitrobenzaldehyde Isomers},
journal = {J. Chem. Eng.},
volume = {65},
number = {10},
pages = {4935-4945},
year = {2020},
doi = {10.1021/acs.jced.0c00562},

URL = {
        https://doi.org/10.1021/acs.jced.0c00562

},
eprint = {
        https://doi.org/10.1021/acs.jced.0c00562

}

}

@article{Simmie2015,
author = {Simmie, John M. and Somers, Kieran P.},
title = {Benchmarking Compound Methods (CBS-QB3, CBS-APNO, G3, G4, W1BD) against the Active Thermochemical Tables: A Litmus Test for Cost-Effective Molecular Formation Enthalpies},
journal = {J. Chem. Phys. A},
volume = {119},
number = {28},
pages = {7235-7246},
year = {2015},
doi = {10.1021/jp511403a},
    note ={PMID: 25580800},

URL = { 
        https://doi.org/10.1021/jp511403a
    
},
eprint = { 
        https://doi.org/10.1021/jp511403a
    
}

} 

@book{Cox1989,
author = {Cox, J. D. and Wagman, D. D. and Medvedev, V. A},
title = {CODATA Key Values for Thermochemistry},
year = {1998},
month = {},
publisher = {Hemisphere, New York},
language = {en},
}

@Inbook{Irikura1998,
author = {Irikura KK, Frurip DJ (eds)},
title = {Computational thermochemistry},
year = {1998},
month = {},
publisher = {American Chemical Society, Washington, D.C},
language = {en},
pages = {402--418},
}

@book{Afeefy2009,
author = {Hussein Y Afeefy. Joel F Liebman. and Stephen E. Stein},
title = {"Neutral Thermochemical Data", NIST Chemistry WebBook, NIST Standard Reference Database Number
69},
year = {2009},
month = {},
publisher = {National Institute of Standards and Technology, Gaithersburg MD, 20899},
language = {en},
}

@misc{Goos1998,
author = {Goos, E. and Burcat, A. and Ruscic, B.},
title = {Ideal Gas Thermochemical Database with Updates from Active Thermochemical},
year = {1998},
url = {http://garﬁeld.chem.elte.hu/Burcat/burcat.html},
urldate = {2022-03-05},
}

@article{Ruscic2004,
author = {Branko Ruscic and Reinhardt E Pinzon and Gregor von Laszewski and Deepti Kodeboyina and Alexander Burcat and David Leahy and David Montoy and Albert F Wagner},
title = {Introduction to Active Thermochemical Tables:  Several “Key” Enthalpies of Formation Revisited},
journal = {J. Chem. Phys. A},
volume = {108},
number = {45},
pages = {9979-9997},
year = {2004},
doi = {10.1021/jp047912y},

URL = { 
        https://doi.org/10.1021/jp047912y
    
},
eprint = { 
        https://doi.org/10.1021/jp047912y
    
}

}

@article{Ruscic2005,
	doi = {10.1088/1742-6596/16/1/078},
	url = {https://doi.org/10.1088/1742-6596/16/1/078},
	year = 2005,
	month = {jan},
	publisher = {{IOP} Publishing},
	volume = {16},
	pages = {561--570},
	author = {Branko Ruscic and Reinhardt E Pinzon and Gregor von Laszewski and Deepti Kodeboyina and Alexander Burcat and David Leahy and David Montoy and Albert F Wagner},
	title = {Active Thermochemical Tables: thermochemistry for the 21st century},
	journal = {J. Phys. Conf. Ser.},
	abstract = {}
}

@misc{Ruscic2005b,
author = {Ruscic, B.},
title = {Active Thermochemical Tables},
year = {2012},
url = {https://atct.anl.gov},
urldate = {2022-03-05},
}

@article{Montgomery2000,
author = {Montgomery,J. A.  and Frisch,M. J.  and Ochterski,J. W.  and Petersson,G. A. },
title = {A complete basis set model chemistry. VII. Use of the minimum population localization method},
journal = {J. Chem. Phys.},
volume = {112},
number = {15},
pages = {6532-6542},
year = {2000},
doi = {10.1063/1.481224},

URL = { 
        https://doi.org/10.1063/1.481224
    
},
eprint = { 
        https://doi.org/10.1063/1.481224
    
}

}

@article{Ochterski1996,
author = {Ochterski,Joseph W.  and Petersson,G. A.  and Montgomery,J. A. },
title = {A complete basis set model chemistry. V. Extensions to six or more heavy atoms},
journal = {J. Chem. Phys.},
volume = {104},
number = {7},
pages = {2598-2619},
year = {1996},
doi = {10.1063/1.470985},

URL = {
        https://doi.org/10.1063/1.470985

},
eprint = {
        https://doi.org/10.1063/1.470985

}

}

@article{Pople1989,
author = {Pople,John A.  and Head‐Gordon,Martin  and Fox,Douglas J.  and Raghavachari,Krishnan  and Curtiss,Larry A. },
title = {Gaussian‐1 theory: A general procedure for prediction of molecular energies},
journal = {J. Chem. Phys.},
volume = {90},
number = {10},
pages = {5622-5629},
year = {1989},
doi = {10.1063/1.456415},

URL = {
        https://doi.org/10.1063/1.456415

},
eprint = {
        https://doi.org/10.1063/1.456415

}

}

@article{Curtiss1990,
author = {Curtiss,Larry A.  and Jones,Christopher  and Trucks,Gary W.  and Raghavachari,Krishnan  and Pople,John A. },
title = {Gaussian‐1 theory of molecular energies for second‐row compounds},
journal = {J. Chem. Phys.},
volume = {93},
number = {4},
pages = {2537-2545},
year = {1990},
doi = {10.1063/1.458892},

URL = {
        https://doi.org/10.1063/1.458892

},
eprint = {
        https://doi.org/10.1063/1.458892

}

}

@article{Curtiss1991,
author = {Curtiss,Larry A.  and Jones,Christopher  and Trucks,Gary W.  and Raghavachari,Krishnan  and Pople,John A. },
title = {Gaussian‐1 theory of molecular energies for second‐row compounds},
journal = {J. Chem. Phys.},
volume = {94},
number = {11},
pages = {7221-7230},
year = {1991},

}

@article{Curtiss1998,
author = {Curtiss,Larry A. and Raghavachari,Krishnan  and Pople,John A. },
title = {Gaussian‐3 (G3) theory for molecules containing first and second‐row atoms},
journal = {J. Chem. Phys.},
volume = {109},
number = {18},
pages = {7764-7776},
year = {1998},

}

@article{Baboul1999,
author = {Baboul,Anwar G.  and Curtiss,Larry A.  and Redfern,Paul C.  and Raghavachari,Krishnan },
title = {Gaussian-3 theory using density functional geometries and zero-point energies},
journal = {J. Chem. Phys.},
volume = {110},
number = {16},
pages = {7650-7657},
year = {1999},
doi = {10.1063/1.478676},

URL = {
        https://doi.org/10.1063/1.478676

},
eprint = {
        https://doi.org/10.1063/1.478676

}

}

@article{Curtiss1999,
author = {Curtiss,Larry A.  and Redfern,Paul C.  and Raghavachari,Krishnan  and Rassolov,Vitaly  and Pople,John A. },
title = {Gaussian-3 theory using reduced Mo/ller-Plesset order},
journal = {J. Chem. Phys.},
volume = {110},
number = {10},
pages = {4703-4709},
year = {1999},
doi = {10.1063/1.478385},

URL = {
        https://doi.org/10.1063/1.478385

},
eprint = {
        https://doi.org/10.1063/1.478385

}

}

@article{Curtiss2007,
author = {Larry A. Curtiss and Paul C. Redfern and Krishnan Raghavachari},
title = {Gaussian-4 theory},
journal = {J. Chem. Phys.},
volume = {126},
number = {8}, 
pages = {084108},
year = {2007},
doi = {10.1063/1.2436888},

URL = {  
        https://doi.org/10.1063/1.2436888
    
},
eprint = {  
        https://doi.org/10.1063/1.2436888
    
}

}

@article{Chan2010,
author = {Chan, Bun and Coote, Michelle L. and Radom, Leo},
title = {G4-SP, G4(MP2)-SP, G4-sc, and G4(MP2)-sc: Modifications to G4 and G4(MP2) for the Treatment of Medium-Sized Radicals},
journal = {J. Chem. Theory Comput.},
volume = {6},
number = {9},
pages = {2647-2653},
year = {2010},
doi = {10.1021/ct100266u},
    note ={PMID: 26616066},

URL = { 
        https://doi.org/10.1021/ct100266u
    
},
eprint = { 
        https://doi.org/10.1021/ct100266u
    
}

}

@article{Chan2011,
author = {Chan, Bun and Deng, Jia and Radom, Leo},
title = {G4(MP2)-6X: A Cost-Effective Improvement to G4(MP2)},
journal = {J. Chem. Theory Comput.},
volume = {7},
number = {1},
pages = {112-120},
year = {2011},
doi = {10.1021/ct100542x},
    note ={PMID: 26606224},

URL = { 
        https://doi.org/10.1021/ct100542x
    
},
eprint = { 
        https://doi.org/10.1021/ct100542x
    
}

}

@article{Chan2012,
author = {Chan, Bun and Radom, Leo},
title = {W1X-1 and W1X-2: W1-Quality Accuracy with an Order of Magnitude Reduction in Computational Cost},
journal = {J. Chem. Theory Comput.},
volume = {8},
number = {11},
pages = {4259-4269},
year = {2012},
doi = {10.1021/ct300632p},
    note ={PMID: 26605589},

URL = {
        https://doi.org/10.1021/ct300632p

},
eprint = {
        https://doi.org/10.1021/ct300632p

}

}

@article{Karton2012,
author = {Karton,Amir  and Martin,Jan M. L. },
title = {Explicitly correlated Wn theory: W1-F12 and W2-F12},
journal = {J. Chem. Phys.},
volume = {136},
number = {12},
pages = {124114},
year = {2012},
doi = {10.1063/1.3697678},

URL = {
        https://doi.org/10.1063/1.3697678

},
eprint = {
        https://doi.org/10.1063/1.3697678

}

}

@article{Chan2013,
author = {Chan, Bun and Radom, Leo},
title = {W3X: A Cost-Effective Post-CCSD(T) Composite Procedure},
journal = {J. Chem. Theory Comput.},
volume = {9},
number = {11},
pages = {4769-4778},
year = {2013},
doi = {10.1021/ct4005323},
    note ={PMID: 26583395},

URL = {
        https://doi.org/10.1021/ct4005323

},
eprint = {
        https://doi.org/10.1021/ct4005323

}

}

@article{Gruzman2009,
author = {Gruzman, David and Karton, Amir and Martin, Jan M. L.},
title = {Performance of Ab Initio and Density Functional Methods for Conformational Equilibria of CnH2n+2 Alkane Isomers (n = 4−8)},
journal = {J. Chem. Phys. A},
volume = {113},
number = {43},
pages = {11974-11983},
year = {2009},
doi = {10.1021/jp903640h},
    note ={PMID: 19795892},

URL = {
        https://doi.org/10.1021/jp903640h

},
eprint = {
        https://doi.org/10.1021/jp903640h

}

}

@article{Curtiss2007a,
author = {Curtiss,Larry A.  and Redfern,Paul C.  and Raghavachari,Krishnan },
title = {Gaussian-4 theory using reduced order perturbation theory},
journal = {J. Chem. Phys.},
volume = {127},
number = {12},
pages = {124105},
year = {2007},
doi = {10.1063/1.2770701},

URL = { 
        https://doi.org/10.1063/1.2770701
    
},
eprint = { 
        https://doi.org/10.1063/1.2770701
    
}

}

@article{Peterson2012,
author = {Peterson, Kirk A. Feller, David Dixon. David A. },
title = {Chemical accuracy in ab initio thermochemistry and spectroscopy: current strategies and future challenges},
journal = {Theor. Chem. Acc.},
volume = {131},
number = {12},
pages = {1079},
year = {2012},
doi = {10.1063/1.2770701},

URL = { 
        https://doi.org/10.1007/s00214-011-1079-5
    
},
eprint = { 
        https://doi.org/10.1007/s00214-011-1079-5
    
}

}

@article{Fattahi2005,
author = {Fattahi, Alireza and Kass, Steven R. and Liebman, Joel F. and Matos, M. Agostinha R. and Miranda, Margarida S. and Morais, Victor M. F.},
title = {The Enthalpies of Formation of o-, m-, and p-Benzoquinone:  Gas-Phase Ion Energetics, Combustion Calorimetry, and Quantum Chemical Computations Combined},
journal = {J. Am. Chem. Soc.},
volume = {127},
number = {16},
pages = {6116-6122},
year = {2005},
doi = {10.1021/ja042612f},
    note ={PMID: 15839713},

URL = { 
        https://doi.org/10.1021/ja042612f
    
},
eprint = { 
        https://doi.org/10.1021/ja042612f
    
}

}

@article{Montgomery1999,
author = {Montgomery,J. A.  and Frisch,M. J.  and Ochterski,J. W.  and Petersson,G. A. },
title = {A complete basis set model chemistry. VI. Use of density functional geometries and frequencies},
journal = {J. Chem. Phys.},
volume = {110},
number = {6},
pages = {2822-2827},
year = {1999},
doi = {10.1063/1.477924},

URL = { 
        https://doi.org/10.1063/1.477924
    
},
eprint = { 
        https://doi.org/10.1063/1.477924
    
}

}

@article{Martin1999,
author = {Martin,Jan M. L.  and de Oliveira,Glênisson },
title = {Towards standard methods for benchmark quality ab initio thermochemistry—W1 and W2 theory},
journal = {J. Chem. Phys.},
volume = {111},
number = {5},
pages = {1843-1856},
year = {1999},
doi = {10.1063/1.479454},

URL = { 
        https://doi.org/10.1063/1.479454
    
},
eprint = { 
        https://doi.org/10.1063/1.479454
    
}

}

@article{Boese2004,
author = {Boese,A. Daniel  and Oren,Mikhal  and Atasoylu,Onur  and Martin,Jan M. L.  and Kállay,Mihály  and Gauss,Jürgen },
title = {W3 theory: Robust computational thermochemistry in the kJ/mol accuracy range},
journal = {J. Chem. Phys.},
volume = {120},
number = {9},
pages = {4129-4141},
year = {2004},
doi = {10.1063/1.1638736},

URL = { 
        https://doi.org/10.1063/1.1638736
    
},
eprint = { 
        https://doi.org/10.1063/1.1638736
    
}

}

@article{Chan2015,
author = {Chan, Bun and Radom, Leo},
title = {W2X and W3X-L: Cost-Effective Approximations to W2 and W4 with kJ mol–1 Accuracy},
journal = {J. Chem. Theory Comput.},
volume = {11},
number = {5},
pages = {2109-2119},
year = {2015},
doi = {10.1021/acs.jctc.5b00135},
    note ={PMID: 26574414},

URL = { 
        https://doi.org/10.1021/acs.jctc.5b00135
    
},
eprint = { 
        https://doi.org/10.1021/acs.jctc.5b00135
    
}

}

@article{Scott1996,
author = {Scott, Anthony P. and Radom, Leo},
title = {Harmonic Vibrational Frequencies:  An Evaluation of Hartree−Fock, Møller−Plesset, Quadratic Configuration Interaction, Density Functional Theory, and Semiempirical Scale Factors},
journal = {J. Chem. Phys.},
volume = {100},
number = {41},
pages = {16502-16513},
year = {1996},
doi = {10.1021/jp960976r},

URL = { 
        https://doi.org/10.1021/jp960976r
    
},
eprint = { 
        https://doi.org/10.1021/jp960976r
    
}

}

@Misc{g09,
  note=
"Gaussian 09, Revision B.01, M. J. Frisch, G. W. Trucks, H. B. Schlegel, G. E. Scuseria, M. A. Robb, J. R. Cheeseman, G. Scalmani, V. Barone, B. Mennucci, G. A. Petersson, H. Nakatsuji, M. Caricato, X. Li, H. P. Hratchian, A. F. Izmaylov, J. Bloino, G. Zheng, J. L. Sonnenberg, M. Hada, M. Ehara, K. Toyota, R. Fukuda, J. Hasegawa, M. Ishida, T. Nakajima, Y. Honda, O. Kitao, H. Nakai, T. Vreven, Montgomery, {Jr.}, J. A., J. E. Peralta, F. Ogliaro, M. Bearpark, J. J. Heyd, E. Brothers, K. N. Kudin, V. N. Staroverov, R. Kobayashi, J. Normand, K. Raghavachari, A. Rendell, J. C. Burant, S. S. Iyengar, J. Tomasi, M. Cossi, N. Rega, J. M. Millam, M. Klene, J. E. Knox, J. B. Cross, V. Bakken, C. Adamo, J. Jaramillo, R. Gomperts, R. E. Stratmann, O. Yazyev, A. J. Austin, R. Cammi, C. Pomelli, J. W. Ochterski, R. L. Martin, K. Morokuma, V. G. Zakrzewski, G. A. Voth, P. Salvador, J. J. Dannenberg, S. Dapprich, A. D. Daniels, Ö Farkas, J. B. Foresman, J. V. Ortiz, J. Cioslowski  and D. J. Fox, Gaussian Inc. Wallingford CT, 2009."}
